<?xml version="1.0" encoding="UTF-8"?><collection xmlns="http://www.loc.gov/MARC21/slim"><record><leader>00416nam--2200145-i-4500</leader><controlfield tag="001">000002453</controlfield><controlfield tag="002">20161230</controlfield><controlfield tag="005">20161230201025</controlfield><controlfield tag="008">060222s1000------------r-----000-0-eng-d</controlfield><datafield ind1=" " ind2=" " tag="080"><subfield code="a">517.567</subfield></datafield><datafield ind1=" " ind2=" " tag="100"><subfield code="a">Fichera, Gaetano</subfield></datafield><datafield ind1=" " ind2=" " tag="245"><subfield code="a">Proprieta di media toroidali sulle funzioni armoniche</subfield></datafield><datafield ind1=" " ind2=" " tag="260"><subfield code="a">Roma, Ist. Per Le Applicazioni Del Calcolo P. 432-435</subfield></datafield><datafield ind1=" " ind2=" " tag="490"><subfield code="a">Rendiconti Dell Acad. Dei Lincei</subfield></datafield><datafield ind1=" " ind2=" " tag="852"><subfield code="a">1024</subfield></datafield></record></collection>